%% DELAMARO, M. E; MALDONADO, J. C; JINO, M. Conceitos Básicos. DELAMARO, M.E; MALDONADO, J, C; JINO, M. Introdução ao Teste de Software. Rio de Janeiro: Elsevier,2007
@inproceedings {DelamaroMaldoradoJino,
	author 		= {DELAMARO, M. E; MALDONADO, J. C; JINO, M. },
	title 		= {Teste de Mutação},
	booktitle 	= {Introducao ao Teste de Software},
	publisher 	= {Elsevier},
	year 		= {2007},
	pages 		= {77--118},
	address 	= {Rio de Janeiro}
}


%% ELMASRI, Ramez; NAVATHE, Shamkant. Sistemas de banco de dados. 4a ed. São Paulo: Addison-Wesley, 2005.
@book {ElmasriNavathe,
	author 		= {ELMASRI, Ramez; NAVATHE, Shamkant},
	title 		= {Sistemas de banco de dados},
	year 		= {2005},
	edition 	= {Sixth},
	address 	= {São Paulo}
}


%% KORTH, Henry F.; SILBERSCHATZ, Abraham; SUDARSHAN, S. Sistema de banco de dados. 3a ed. São Paulo: Makron Books, 1999.
@book {Korth,
	author		= {KORTH, Henry F.; SILBERSCHATZ, Abraham; SUDARSHAN, S},
	title		= {Sistema de banco de dados},
	year		= {1999},
	publisher	= {Makron Books},
	address		= {São Paulo},
}


%% MODESTO, Lisandro Rogério. ?Teste Funcional Baseado em Diagramas da UML?. Dissertação de Mestrado em Ciência da Computação ? Centro Universitário Eurípides de Marília (UNIVEM), Marília-SP-Brasil, 2006.
@mastersthesis {Modesto,
	author 		= {MODESTO, Lisandro Rogério},
	title 		= {Teste Funcional Baseado em Diagramas da UML},
	school 		= {Centro Universitário Eurípides de Marília (UNIVEM)},
	year 		= {2006},
	type 		= {Dissertação de Mestrado em Ciência da Computação},
	address 	= {Marília, São Paulo, Brasil}
}


%% MYERS, Glenford J. The art of software testing. 2. ed. Hoboken, New Jersey: John Wiley & Sons, Inc, 2004. 234p.
@book {Myers,
	author 		= {MYERS, Glenford J},
	title 		= {The art of software testing},
	publisher 	= {John Wiley \& Sons, Inc},
	pages 		= {234},
	year 		= {2004},
	address 	= {Hoboken, New Jersey}
}


%% SOMMERVILLE, Ian. . Engenharia de software. 8a ed. São Paulo: Pearson, 2008.
@book {Sommerville,
	author 		= {SOMMERVILLE, Ian},
	title 		= {Engenharia de software},
	year 		= {2008},
	publisher 	= {Pearson},
	address 	= {São Paulo}
}


%% SOUZA, Juliana Pereira de.?Teste Funcional em Aplicação de Banco de Dados Relacional Baseado nos Diagramas da UML? . Dissertação de Mestrado em Ciência da Computação ? Centro Universitário Eurípides de Marília (UNIVEM), Marília- SP- Brasil, 2008.
@masthersthesis {Souza,
	author		= {SOUZA, Juliana Pereira de},
	title       = {Teste Funcional em Aplicação de Banco de Dados Relacional Baseado nos Diagramas da UML},
	school		= {Centro Universitário Eurípides de Marília (UNIVEM)},
	year		= {2008},
	type		= {Dissertação de Mestrado em Ciência da Computação},
	address		= {Marília, São Paulo, Brasil},
}


%% SPOTO, Edmundo Sérgio. ?Teste estrutural de programas de aplicação de banco de dados relacional? Tese de Doutorado em Engenharia Elétrica. Faculdade de Engenharia Elétrica e de Computação da Universidade Estadual de Campinas - FEEC/UNICAMP, Campinas, 2000.

@phdthesis {Spoto,
	author		= {SPOTO, Edmundo Sérgio},
	title		= {Teste estrutural de programas de aplicação de banco de dados relacional},
	school		= {Faculdade de Engenharia Elétrica e de Computação da Universidade Estadual de Campinas - FEEC/UNICAMP},
	year		= {2000},
	type		= {Tese de Doutorado em Engenharia Elétrica},
	address		= {Campinas},
}



