%% Cabeça, A. G.; Leitão-Jr, P.S.; Jino, M. ?Análise de Mutantes em Aplicações SQL de Banco de Dados? - VII SBQS - Recife, 2008.
@misc {Cabeca,
	author 		= {Cabeça, A. G.; Leitão-Jr, P.S.; Jino, M},
	title		= {{Análise de Mutantes em Aplicações SQL de Banco de Dados}},
	year		= {2008},
	address		= {Recife}
}

%% Codd, Edgar F. (1970). A Relational Model of Data for Large Shared Data Banks (PDF). Communications of the ACM. 13 (6): 377?387. doi:10.1145/362384.362685. http://www.seas.upenn.edu/~zives/03f/cis550/codd.pdf

@misc {Codd1970,
	author 		= {CODD, Edgar F},
	title		= {\href{http://www.seas.upenn.edu/~zives/03f/cis550/codd.pdf/}
				  {A Relational Model of Data for Large Shared Data Banks}},
	year		= {1970},
}

%% CRESPO, A. N.; MARTINEZ, Márcia R. M.; JINO M.; JÚNIOR, Miguel T. A., Documentação de Teste ? Referência: Norma IEEE std 829 - 1998, CenPRA ? Centro de Pesquisas Renato Archer, Campinas, São Paulo, Setembro, 2000. 
@misc {Crespo,
	author 		= {CRESPO, A. N.; MARTINEZ, Márcia R. M.; JINO M.; JÚNIOR, Miguel T. A},
	title		= {Documentação de Teste - Referência: Norma IEEE std 829},
	year		= {2000},
	address		= {Campinas, São Paulo}
}

%% DELAMARO, M. E; MALDONADO, J. C; JINO, M. Conceitos Básicos. DELAMARO, M.E; MALDONADO, J, C; JINO, M. Introdução ao Teste de Software. Rio de Janeiro: Elsevier,2007
@inproceedings {DelamaroMaldonadoJino,
	author 		= {DELAMARO, M. E; MALDONADO, J. C; JINO, M. },
	title 		= {Teste de Mutação},
	booktitle 	= {Introducao ao Teste de Software},
	publisher 	= {Elsevier},
	year 		= {2007},
	pages 		= {77--118},
	address 	= {Rio de Janeiro}
}


%% ELMASRI, Ramez; NAVATHE, Shamkant. Sistemas de banco de dados. 4a ed. São Paulo: Addison-Wesley, 2005.
@book {ElmasriNavathe,
	author 		= {ELMASRI, Ramez; NAVATHE, Shamkant},
	title 		= {Sistemas de banco de dados},
	year 		= {2005},
	edition 	= {Sixth},
	address 	= {São Paulo}
}

@misc {Flyway,
	author		= {{Boxfuse GmbH}},
	title		= {{Flyway}},
	howpublished= {\url{https://flywaydb.org/}},
	note 		= {Accessado em: 2016-12-03},
	address		= {München},
}

%% Howden, W.E. ?Functional Program Testing and Analysis?, McGraw-Hill, USA, 1987
@book {Howden,
	author		= {HOWDEN,  W.E},
	title		= {Functional Program Testing and Analysis},
	publisher	= {McGraw-Hill},
	year		= {1987},
	address		= {USA}
}



%% KORTH, Henry F.; SILBERSCHATZ, Abraham; SUDARSHAN, S. Sistema de banco de dados. 3a ed. São Paulo: Makron Books, 1999.
@book {Korth,
	author		= {KORTH, Henry F.; SILBERSCHATZ, Abraham; SUDARSHAN, S},
	title		= {Sistema de banco de dados},
	year		= {1999},
	publisher	= {Makron Books},
	address		= {São Paulo},
}

%% MALDONADO, J. C. Critérios potenciais usos: Uma contribuição ao teste estrutural de software. Tese de Doutoramento, DCA/FEE/UNICAMP,Campinas,SP,1991
@phdthesis {Maldonado1991,
	author 		= {MALDONADO,  J. C},
	title		= {Critérios potenciais usos: Uma contribuição ao teste estrutural de software},
	school		= {DCA/FEE/UNICAMP},	
	year		= {1991},
	type		= {Tese de Doutorado em Engenharia Elétrica},
	address		= {Campinas, SP}
}

%% MODESTO, Lisandro Rogério. ?Teste Funcional Baseado em Diagramas da UML?. Dissertação de Mestrado em Ciência da Computação ? Centro Universitário Eurípides de Marília (UNIVEM), Marília-SP-Brasil, 2006.
@mastersthesis {Modesto,
	author 		= {MODESTO, Lisandro Rogério},
	title 		= {Teste Funcional Baseado em Diagramas da UML},
	school 		= {Centro Universitário Eurípides de Marília (UNIVEM)},
	year 		= {2006},
	type 		= {Dissertação de Mestrado em Ciência da Computação},
	address 	= {Marília, São Paulo, Brasil}
}

%% MYERS, G. J. Software Reliability Principles and Practices. 1a ed. New York: John Wiley and Sons, INC., 1976. 360p
@book {Myers1976,
	author 		= {MYERS, Glenford J},
	title 		= {Software Reliability Principles and Practices},
	publisher 	= {John Wiley \& Sons, INC},
	pages 		= {360},
	year 		= {1976},
}

%% MYERS, Glenford J. The art of software testing. 2. ed. Hoboken, New Jersey: John Wiley & Sons, Inc, 2004. 234p.
@book {Myers2004,
	author 		= {MYERS, Glenford J},
	title 		= {The art of software testing},
	publisher 	= {John Wiley \& Sons, Inc},
	pages 		= {234},
	year 		= {2004},
	address 	= {Hoboken, New Jersey}
}

@misc {Oobj,
	author		= {Oobj Tecnologia da Informação},
	title		= {{Oobj Tecnologia da Informação}},
	howpublished= {\url{http://www.oobj.com.br/}},
	note 		= {Accessado em: 2017-12-03},
	address		= {Goiânia},
}

%% ?
@book {Pressman2002,
	author 		= {PRESSMAN, Roger},
	title		= {Engenharia de Software},
	publisher 	= {McGraw-Hill},
	year		= {2002},
	address		= {Rio de Janeiro},
	edition		= {5}
}


%% Pressman
@book {Pressman2006,
	author 		= {PRESSMAN, Roger},
	title		= {Engenharia de Software},
	publisher 	= {McGraw-Hill},
	year		= {2006},
	address		= {São Paulo},
	edition		= {6}
}

%% ROCHA, A. R. C.; MALDONADO, J. C.; WEBER, K. C. Qualidade de Software ? Teoria e Prática. São Paulo: Prentice Hall, 2001
@book {RochaEtAl,
	author		= {ROCHA, A. R. C.; MALDONADO, J. C.; WEBER, K. C},
	title		= {Qualidade de Software - Teoria e Prática},
	year		= {2001},
	publisher	= {Prentice Hall}
}

%% SILBERSCHATZ, A; KORTH, H. F; SUDARSHAN, S. Sistema de Banco de Dados. 5ª ed. Rio de Janeiro: Elsevier, 2006. 781p. 
@misc {Silberschatz,
	author		= {SILBERSCHATZ, A; KORTH, H. F; SUDARSHAN, S},
	title		= {Sistema de Banco de Dados},
	year		= {2006},
	address		= {Rio de Janeiro},
	publisher	= {Elsevier},
	pages		= {781}
}


%% SOMMERVILLE, Ian. . Engenharia de software. 8a ed. São Paulo: Pearson, 2008.
@book {Sommerville,
	author 		= {SOMMERVILLE, Ian},
	title 		= {Engenharia de software},
	year 		= {2008},
	publisher 	= {Pearson},
	address 	= {São Paulo}
}


%% SOUZA, Juliana Pereira de.?Teste Funcional em Aplicação de Banco de Dados Relacional Baseado nos Diagramas da UML? . Dissertação de Mestrado em Ciência da Computação ? Centro Universitário Eurípides de Marília (UNIVEM), Marília- SP- Brasil, 2008.
@masthersthesis {Souza,
	author		= {SOUZA, Juliana Pereira de},
	title       = {Teste Funcional em Aplicação de Banco de Dados Relacional Baseado nos Diagramas da UML},
	school		= {Centro Universitário Eurípides de Marília (UNIVEM)},
	year		= {2008},
	type		= {Dissertação de Mestrado em Ciência da Computação},
	address		= {Marília, São Paulo, Brasil},
}


%% SPOTO, Edmundo Sérgio. ?Teste estrutural de programas de aplicação de banco de dados relacional? Tese de Doutorado em Engenharia Elétrica. Faculdade de Engenharia Elétrica e de Computação da Universidade Estadual de Campinas - FEEC/UNICAMP, Campinas, 2000.

@phdthesis {Spoto,
	author		= {SPOTO, Edmundo Sérgio},
	title		= {Teste estrutural de programas de aplicação de banco de dados relacional},
	school		= {Faculdade de Engenharia Elétrica e de Computação da Universidade Estadual de Campinas - FEEC/UNICAMP},
	year		= {2000},
	type		= {Tese de Doutorado em Engenharia Elétrica},
	address		= {Campinas},
}

%% SWEBOK Guide V3
@misc {SwebokV3,
	author		= {Swebok},
	title		= {\href{https://www.computer.org/web/swebok/v3}
	{SWEBOK V3 Guide - Software Engineering Body of Knowledge}},
	publisher	= {IEEE Computer Society},
	year		= {2014},
}

%% Tuya,J.; Suárez-Cabal, M.J.; Riva,C. ?Mutating Database Queries, Information and Software Technology, 2006. (In press, doi:10. 1016/j.infsof.2006.06.009).
@misc {Tuya2006,
	author		= {Tuya,J.; Suárez-Cabal, M.J.; Riva, C},
	title		= {Mutating Database Queries, Information and Software Technology},
	year		= {2006},
}



